<?xml version="1.0" encoding="UTF-8"?><record xmlns="http://www.loc.gov/MARC21/slim" xmlns:cinclude="http://apache.org/cocoon/include/1.0" xmlns:zs="http://www.loc.gov/zing/srw/">
  <leader>00410cz  a2200145n  4500</leader>
  <controlfield tag="001">n 2006083218</controlfield>
  <controlfield tag="003">DLC</controlfield>
  <controlfield tag="005">20130323082306.0</controlfield>
  <controlfield tag="008">061030n| azannaabn          |a aaa      </controlfield>
  <datafield tag="010" ind1=" " ind2=" ">
    <subfield code="a">n 2006083218</subfield>
  </datafield>
  <datafield tag="040" ind1=" " ind2=" ">
    <subfield code="a">DLC</subfield>
    <subfield code="b">eng</subfield>
    <subfield code="e">rda</subfield>
    <subfield code="c">DLC</subfield>
    <subfield code="d">DLC</subfield>
  </datafield>
  <datafield tag="046" ind1=" " ind2=" ">
    <subfield code="g">1961</subfield>
  </datafield>
  <datafield tag="100" ind1="1" ind2=" ">
    <subfield code="a">Newberry, Lane K.,</subfield>
    <subfield code="d">-1961</subfield>
  </datafield>
  <datafield tag="400" ind1="1" ind2=" ">
    <subfield code="w">nnea</subfield>
    <subfield code="a">Newberry, Lane K.,</subfield>
    <subfield code="d">d. 1961</subfield>
  </datafield>
  <datafield tag="670" ind1=" " ind2=" ">
    <subfield code="a">Nauvoo, 2006:</subfield>
    <subfield code="b">t.p. (Lane K. Newberry) p. 10 (d. Aug. 2, 1961)</subfield>
  </datafield>
</record>